|0000|LFPD|01022015|28022015|MERCANTIL SANTANA LTDA|04219316000120|PE|027771776|2613909||||2000|0|20|Brasil|MERCANTIL SANTANA||||
|0001|0|
|0005|MARIA IZALRA SILVA LIMA|203|08320888468|56900000|AV:AFONSO MAGALHAES|998||SAO CRISTOVAO|||8738311732|8738311732|mercantilsantana@gruposantanape.com.br|
|0025||0|
|0030|0|0|0|0|0|1|1|1|1|0|1|1|1|1|1|1|1|
|0100|JOSE CARMELO DE FARIAS|900|12957646000140||PE005673O2|56900000|NOME DA RUA DO CONTABILISTA|236|COMPLEMENTO|BAIRRO|PE|2613909|||8738312020|8738312020|acene@acenecontabilidade.com.br|
|0150|1|TESTE PARTICIPANTE 1|01058|05499080000195|||PE|||2613909|||
|0150|2|BEMATECH S/A|01058|82373077001810|||SP|||3513801|||
|0150|3|TESTE PARTICIPANTE 2|01058|05553541000160|||PE|||3513801|||
|0200|1|PRODUTOS PARA TESTE|10||
|0400|1102|ENTRADA DE MERCADORIAS|EA10|
|0400|5102|SAIDA DE MERCADORIAS|SP10|
|0990|13|
|E001|0|
|E020|0|0|1|01|00|1|12||01012013|01012013|1102|1102|0|0|100,00|0,00|100,00|17,00||0,00|0,00||0,00|0,00||||||
|E025|100,00|0,00|1102|100,00|17,00|17,00|0,00|0,00|0,00|0,00|0,00|0,00|0,00||0||
|E020|1|0|3|01|00|1|14||01012013|01012013|6102|6102|0|0|100,00|0,00|0,00|0,00|20,00|0,00|20,00||0,00|0,00||||||
|E025|100,00|0,00|6102|0,00||0,00|100,00|20,00|0,00|0,00|0,00|0,00|0,00||0||
|E020|1|0|3|01|00|1|13||01012013|01012013|5102|5102|0|0|100,00|0,00|0,00|0,00||0,00|0,00||10,00|0,00||||||
|E025|100,00|0,00|5102|0,00||0,00|0,00|0,00|10,00|0,00|0,00|0,00|0,00||0||
|E060|2D|1|BE091110100011282077|10|10|01012013|1|10|0,00|100,00|100,00|0,00|0,00|0,00|0,00|100,00|100,00|17,00|0,00|0,00|0,00||
|E065|5102|100,00|17,00|17,00||
|E080|1|02|01|01012013|100,00|0,00|0,00|0,00|0,00|5102|1|100,00|100,00|17,00|0,00|0,00||
|E085|100,00|0,00|0000|100,00|17,00|0,00|0,00|0,00||
|E990|12|
|9001|0|
|9900|0000|1|
|9900|0001|1|
|9900|0005|1|
|9900|0030|1|
|9900|0100|1|
|9900|0150|3|
|9900|0200|1|
|9900|0400|2|
|9900|0990|1|
|9900|E001|1|
|9900|E020|3|
|9900|E025|3|
|9900|E060|1|
|9900|E065|1|
|9900|E080|1|
|9900|E085|1|
|9900|E990|1|
|9900|9001|1|
|9900|9900|21|
|9900|9990|1|
|9900|9999|1|
|9990|24|
|9999|49|
